<record><leader>00000cas a22000007a 4500</leader><controlfield tag="001">12201241</controlfield><controlfield tag="008">850626d18uu185uohuir ne      0    0eng  </controlfield><datafield ind1=" " ind2=" " tag="010"><subfield code="a">sn 85042337 </subfield></datafield><datafield ind1=" " ind2=" " tag="040"><subfield code="a">DLC</subfield><subfield code="b">eng</subfield><subfield code="c">DLC</subfield><subfield code="d">NPX</subfield><subfield code="d">ONP</subfield><subfield code="d">NVF</subfield><subfield code="d">OCLCQ</subfield></datafield><datafield ind1=" " ind2=" " tag="042"><subfield code="a">msc</subfield></datafield><datafield ind1="0" ind2="0" tag="050"><subfield code="a">Newspaper 9214-X</subfield></datafield><datafield ind1="0" ind2="0" tag="245"><subfield code="a">Cincinnati tri-weekly gazette.</subfield></datafield><datafield ind1="3" ind2="0" tag="246"><subfield code="a">Cincinnati triweekly gazette</subfield></datafield><datafield ind1=" " ind2=" " tag="260"><subfield code="a">Cincinnati [Ohio] :</subfield><subfield code="b">Wright, Ferris, &amp; Co.</subfield></datafield><datafield ind1=" " ind2=" " tag="300"><subfield code="a">v. ;</subfield><subfield code="c">70 cm.</subfield></datafield><datafield ind1=" " ind2=" " tag="310"><subfield code="a">Triweekly</subfield></datafield><datafield ind1=" " ind2=" " tag="580"><subfield code="a">Daily eds.: Daily Cincinnati gazette (Cincinnati, Ohio : 1843), &lt;1850-1852&gt;, and: Cincinnati daily gazette (Cincinnati, Ohio : Large ed.), 1855-1883.</subfield></datafield><datafield ind1=" " ind2=" " tag="580"><subfield code="a">Weekly eds.: Liberty Hall &amp; Cincinnati gazette (Cincinnati, Ohio : 1815).</subfield></datafield><datafield ind1=" " ind2=" " tag="588"><subfield code="a">Description based on: Vol. 23, no. 3536 (May 11, 1850).</subfield></datafield><datafield ind1=" " ind2=" " tag="752"><subfield code="a">United States</subfield><subfield code="b">Ohio</subfield><subfield code="c">Hamilton</subfield><subfield code="d">Cincinnati.</subfield></datafield><datafield ind1="1" ind2=" " tag="775"><subfield code="t">Daily Cincinnati gazette (Cincinnati, Ohio : 1843)</subfield><subfield code="w">(DLC)sn 85042334</subfield></datafield><datafield ind1="1" ind2=" " tag="775"><subfield code="t">Cincinnati daily gazette (Cincinnti, Ohio : Large ed.)</subfield><subfield code="w">(DLC)sn 83045791</subfield></datafield><datafield ind1="1" ind2=" " tag="775"><subfield code="t">Liberty Hall &amp; Cincinnati gazette (Cincinnati, Ohio : 1815)</subfield><subfield code="w">(DLC)sn 84024229</subfield></datafield><datafield ind1="0" ind2="0" tag="780"><subfield code="t">Tri-weekly Cincinnati gazette (Cincinnati, Ohio : 1843)</subfield><subfield code="w">(DLC)sn 85042336</subfield></datafield><datafield ind1="0" ind2="0" tag="785"><subfield code="t">Triweekly Cincinnati gazette (Cincinnati, Ohio : 1856)</subfield><subfield code="w">(DLC)sn 85027014</subfield></datafield><datafield ind1="1" ind2=" " tag="029"><subfield code="a">AU@</subfield><subfield code="b">000025819787</subfield></datafield></record>